@book{Kaufman,
  title={Введение в прикладную комбинаторику},
  author={Кофман, Арнольд},
  year={1975},
  publisher={Главная редакция физико-математической литературы издательства "Наука"}
}
@misc{Emaxx,
  title = {Поиск компонент сильной связности, построение конденсации графа},
  year = {2008},
  url = {https://e-maxx.ru/algo/strong_connected_components}
}